<record><leader>00000cas a22000007a 4500</leader><controlfield tag="001">13454416</controlfield><controlfield tag="008">860418d19uu1937inudn ne      0    0eng d</controlfield><datafield ind1=" " ind2=" " tag="010"><subfield code="a">sn 86058489 </subfield></datafield><datafield ind1=" " ind2=" " tag="040"><subfield code="a">NPI</subfield><subfield code="b">eng</subfield><subfield code="c">NPI</subfield><subfield code="d">OCLCQ</subfield></datafield><datafield ind1=" " ind2=" " tag="042"><subfield code="a">msc</subfield></datafield><datafield ind1="0" ind2="0" tag="245"><subfield code="a">Hartford City times gazette.</subfield></datafield><datafield ind1=" " ind2=" " tag="260"><subfield code="a">Hartford City, Ind. :</subfield><subfield code="b">Times Gazette Co.,</subfield><subfield code="c">-1937.</subfield></datafield><datafield ind1=" " ind2=" " tag="300"><subfield code="a">v. :</subfield><subfield code="b">ill. ;</subfield><subfield code="c">58 cm.</subfield></datafield><datafield ind1=" " ind2=" " tag="310"><subfield code="a">Daily (except Sun.)</subfield></datafield><datafield ind1="0" ind2=" " tag="362"><subfield code="a">-v. 39, no. 5 (Feb. 13, 1937).</subfield></datafield><datafield ind1=" " ind2=" " tag="500"><subfield code="a">Published in morning and evening editions.</subfield></datafield><datafield ind1=" " ind2=" " tag="588"><subfield code="a">Description based on: Vol. 35, no. 282 (Nov. 26, 1931).</subfield></datafield><datafield ind1=" " ind2=" " tag="752"><subfield code="a">United States</subfield><subfield code="b">Indiana</subfield><subfield code="c">Blackford</subfield><subfield code="d">Hartford City.</subfield></datafield><datafield ind1="0" ind2="0" tag="780"><subfield code="t">Daily times gazette (Hartford, Ind.)</subfield><subfield code="w">(DLC)sn 86058485</subfield></datafield><datafield ind1="0" ind2="7" tag="785"><subfield code="t">Hartford City news (Hartford City, Ind. : 1917)</subfield><subfield code="w">(DLC)sn 86058487</subfield></datafield><datafield ind1="0" ind2="7" tag="785"><subfield code="t">Hartford City news-times</subfield><subfield code="w">(DLC)sn 86058490</subfield></datafield><datafield ind1="1" ind2=" " tag="029"><subfield code="a">AU@</subfield><subfield code="b">000023435615</subfield></datafield></record>